30 mtime=1458131264.172893877
30 atime=1458131266.680876095
30 ctime=1458131264.172893877
